<collection xmlns="http://www.loc.gov/MARC21/slim">
<record>
  <leader>01457nam0a22002651i 450 </leader>
  <controlfield tag="001">IT\ICCU\CNCE\061706</controlfield>
  <controlfield tag="005">20120709000000.0</controlfield>
  <datafield tag="012" ind1=" " ind2=" ">
    <subfield code="a">s-m. .3.3 B5DC CBD5 (3) 1535 (A)</subfield>
    <subfield code="2">fei</subfield>
  </datafield>
  <datafield tag="100" ind1=" " ind2=" ">
    <subfield code="a">20051008d1535        0itac0103    ba</subfield>
  </datafield>
  <datafield tag="101" ind1=" " ind2=" ">
    <subfield code="a">ITA</subfield>
  </datafield>
  <datafield tag="102" ind1=" " ind2=" ">
    <subfield code="a">IT</subfield>
  </datafield>
  <datafield tag="200" ind1="1" ind2=" ">
    <subfield code="a">Lunario perpetuo, con la dimostratione della scala della Epacta per le notri: lo trouar de ogni giorno che habbi la luna per sempre: la circolatione del anno: le nominationi delli segni celesti ... fino alli .1600. anni, dopoi la incarnatione del nostro Signore messer Giesu Christo: prouata con le lettre domenicali delli anni, &amp; con la Epacta</subfield>
  </datafield>
  <datafield tag="210" ind1=" " ind2=" ">
    <subfield code="a">In Vinegia</subfield>
    <subfield code="d">alli giorni de marȯ 1535</subfield>
  </datafield>
  <datafield tag="215" ind1=" " ind2=" ">
    <subfield code="a">16 c.</subfield>
    <subfield code="c">ill.</subfield>
    <subfield code="d">4ʻ</subfield>
  </datafield>
  <datafield tag="300" ind1=" " ind2=" ">
    <subfield code="a">Il nome dell&apos;autore si ricava da c. A2r</subfield>
  </datafield>
  <datafield tag="620" ind1=" " ind2=" ">
    <subfield code="a">IT</subfield>
    <subfield code="d">Venezia</subfield>
  </datafield>
  <datafield tag="700" ind1=" " ind2="1">
    <subfield code="a">Panteo,</subfield>
    <subfield code="b">Giovanni Agostino</subfield>
    <subfield code="3">IT\ICCU\CNCA\009902</subfield>
  </datafield>
  <datafield tag="712" ind1="0" ind2="2">
    <subfield code="a">s.n.</subfield>
    <subfield code="3">IT\ICCU\CNCT\000002</subfield>
    <subfield code="4">650</subfield>
  </datafield>
  <datafield tag="790" ind1=" " ind2="1">
    <subfield code="a">Pantheus,</subfield>
    <subfield code="b">Joannes Augustinus</subfield>
    <subfield code="3">IT\ICCU\CNCA\018066</subfield>
    <subfield code="z">Panteo, Giovanni Agostino</subfield>
  </datafield>
  <datafield tag="790" ind1=" " ind2="1">
    <subfield code="a">Pantheus,</subfield>
    <subfield code="b">Ioannes Augustinus</subfield>
    <subfield code="3">IT\ICCU\CNCA\022203</subfield>
    <subfield code="z">Panteo, Giovanni Agostino</subfield>
  </datafield>
  <datafield tag="790" ind1=" " ind2="1">
    <subfield code="a">Pantheus,</subfield>
    <subfield code="b">Johannes Augustinus</subfield>
    <subfield code="3">IT\ICCU\CNCA\022204</subfield>
    <subfield code="z">Panteo, Giovanni Agostino</subfield>
  </datafield>
  <datafield tag="790" ind1=" " ind2="1">
    <subfield code="a">Pantheo,</subfield>
    <subfield code="b">Giovanni Agostino</subfield>
    <subfield code="3">IT\ICCU\CNCA\022205</subfield>
    <subfield code="z">Panteo, Giovanni Agostino</subfield>
  </datafield>
  <datafield tag="790" ind1=" " ind2="1">
    <subfield code="a">Pantheo,</subfield>
    <subfield code="b">Agostino</subfield>
    <subfield code="3">IT\ICCU\CNCA\022206</subfield>
    <subfield code="z">Panteo, Giovanni Agostino</subfield>
  </datafield>
  <datafield tag="801" ind1=" " ind2="3">
    <subfield code="a">IT</subfield>
    <subfield code="b">ICCU</subfield>
    <subfield code="c">20201115</subfield>
  </datafield>
  <datafield tag="899" ind1=" " ind2=" ">
    <subfield code="a">Biblioteche della Fondazione Giorgio Cini onlus. Venezia</subfield>
    <subfield code="1">VE0239</subfield>
    <subfield code="2">VEA FC</subfield>
  </datafield>
</record>
</collection>
